@book{klenke,
    author = {Klenke,Achim},
    title = {Wahrscheinlichkeitstheorie},
    publisher = {Springer},
    year = {2013},
    edition = {3}
}
@misc{studysmarter,
    author = {{StudySmarter}},
    title = {{Der zentrale Grenzwertsatz}},
    howpublished = {\url{https://www.studysmarter.de/}}
}